<record><leader>00000cas a2200000 a 4500</leader><controlfield tag="001">11293889</controlfield><controlfield tag="008">841022d18901893ksuwr ne      0   a0eng d</controlfield><datafield ind1=" " ind2=" " tag="010"><subfield code="a">sn 84029891 </subfield></datafield><datafield ind1=" " ind2=" " tag="040"><subfield code="a">KSH</subfield><subfield code="b">eng</subfield><subfield code="c">KSH</subfield><subfield code="d">NPT</subfield><subfield code="d">OCL</subfield><subfield code="d">OCLCQ</subfield></datafield><datafield ind1=" " ind2=" " tag="042"><subfield code="a">msc</subfield></datafield><datafield ind1="0" ind2="0" tag="245"><subfield code="a">Ottawa tribune.</subfield></datafield><datafield ind1="1" ind2="3" tag="246"><subfield code="a">Ottawa weekly tribune</subfield><subfield code="f">Nov. 18, 1891-Aug. 10, 1892</subfield></datafield><datafield ind1=" " ind2=" " tag="260"><subfield code="a">Ottawa, Kan. :</subfield><subfield code="b">Tribune Pub. Co.</subfield></datafield><datafield ind1=" " ind2=" " tag="300"><subfield code="a">v. :</subfield><subfield code="b">ill. ;</subfield><subfield code="c">55-64 cm.</subfield></datafield><datafield ind1=" " ind2=" " tag="310"><subfield code="a">Weekly</subfield></datafield><datafield ind1="1" ind2=" " tag="362"><subfield code="a">Began with May 30, 1890 issue? Ceased in 1893?</subfield></datafield><datafield ind1=" " ind2=" " tag="500"><subfield code="a">Published by: Fields &amp; Gould, July 11, 1890-&lt;Feb. 6, 1891&gt;; T.W. Fields, &lt;Feb. 13, 1891&gt;-</subfield></datafield><datafield ind1=" " ind2=" " tag="500"><subfield code="a">"Republican."</subfield></datafield><datafield ind1=" " ind2=" " tag="525"><subfield code="a">Issue for Aug. 10, 1892 includes supplement called: Protection and reciprocity published in New York.</subfield></datafield><datafield ind1=" " ind2=" " tag="588"><subfield code="a">Description based on: Vol. 6, no. 46 (May 30, 1890).</subfield></datafield><datafield ind1=" " ind2=" " tag="752"><subfield code="a">United States</subfield><subfield code="b">Kansas</subfield><subfield code="c">Franklin</subfield><subfield code="d">Ottawa.</subfield></datafield><datafield ind1="0" ind2="0" tag="780"><subfield code="t">Ottawa tribune and the Williamsburg eagle</subfield><subfield code="w">(DLC)sn 84029890</subfield></datafield></record>